@inproceedings{wang2018non,
  title={Non-local neural networks},
  author={Wang, Xiaolong and Girshick, Ross and Gupta, Abhinav and He, Kaiming},
  booktitle={The IEEE Conference on Computer Vision and Pattern Recognition (CVPR)},
  year={2018}
}

@inproceedings{vaswani2017attention,
  title={Attention is all you need},
  author={Vaswani, Ashish and Shazeer, Noam and Parmar, Niki and Uszkoreit, Jakob and Jones, Llion and Gomez, Aidan N and Kaiser, {\L}ukasz and Polosukhin, Illia},
  booktitle={Advances in Neural Information Processing Systems},
  pages={5998--6008},
  year={2017}
}

@article{ovsjanikov2012functional,
  title={Functional maps: a flexible representation of maps between shapes},
  author={Ovsjanikov, Maks and Ben-Chen, Mirela and Solomon, Justin and Butscher, Adrian and Guibas, Leonidas},
  journal={ACM Transactions on Graphics (TOG)},
  volume={31},
  number={4},
  pages={30},
  year={2012},
  publisher={ACM}
}

@inproceedings{vestner2017efficient,
  title={Efficient deformable shape correspondence via kernel matching},
  author={Vestner, Matthias and L{\"a}hner, Zorah and Boyarski, Amit and Litany, Or and Slossberg, Ron and Remez, Tal and Rodola, Emanuele and Bronstein, Alex and Bronstein, Michael and Kimmel, Ron and others},
  booktitle={3D Vision (3DV), 2017 International Conference on},
  pages={517--526},
  year={2017},
  organization={IEEE}
}

@article{lederman2014common,
  title={Common manifold learning using alternating-diffusion},
  author={Lederman, Roy R and Talmon, Ronen},
  year={2014}
}

@inproceedings{defferrard2016convolutional,
  title={Convolutional neural networks on graphs with fast localized spectral filtering},
  author={Defferrard, Micha{\"e}l and Bresson, Xavier and Vandergheynst, Pierre},
  booktitle={Advances in Neural Information Processing Systems},
  pages={3844--3852},
  year={2016}
}