@inproceedings{wang2018non,
  title={Non-local neural networks},
  author={Wang, Xiaolong and Girshick, Ross and Gupta, Abhinav and He, Kaiming},
  booktitle={The IEEE Conference on Computer Vision and Pattern Recognition (CVPR)},
  year={2018}
}

@inproceedings{vaswani2017attention,
  title={Attention is all you need},
  author={Vaswani, Ashish and Shazeer, Noam and Parmar, Niki and Uszkoreit, Jakob and Jones, Llion and Gomez, Aidan N and Kaiser, {\L}ukasz and Polosukhin, Illia},
  booktitle={Advances in Neural Information Processing Systems},
  pages={5998--6008},
  year={2017}
}

@article{ovsjanikov2012functional,
  title={Functional maps: a flexible representation of maps between shapes},
  author={Ovsjanikov, Maks and Ben-Chen, Mirela and Solomon, Justin and Butscher, Adrian and Guibas, Leonidas},
  journal={ACM Transactions on Graphics (TOG)},
  volume={31},
  number={4},
  pages={30},
  year={2012},
  publisher={ACM}
}